%% This BibTeX bibliography file was created using BibDesk.
%% http://bibdesk.sourceforge.net/

%% Created for Simon Kessler at 2015-10-14 11:03:35 +0200 


%% Saved with string encoding Unicode (UTF-8) 



@article{Thompson:1984:RTT:358198.358210,
	Acmid = {358210},
	Address = {New York, NY, USA},
	Author = {Thompson, Ken},
	Date-Added = {2015-10-14 09:03:27 +0000},
	Date-Modified = {2015-10-14 09:03:27 +0000},
	Doi = {10.1145/358198.358210},
	Issn = {0001-0782},
	Issue_Date = {Aug 1984},
	Journal = {Commun. ACM},
	Month = aug,
	Number = {8},
	Numpages = {3},
	Pages = {761--763},
	Publisher = {ACM},
	Title = {Reflections on Trusting Trust},
	Url = {http://doi.acm.org/10.1145/358198.358210},
	Volume = {27},
	Year = {1984},
	Bdsk-Url-1 = {http://doi.acm.org/10.1145/358198.358210},
	Bdsk-Url-2 = {http://dx.doi.org/10.1145/358198.358210}}
